<record><leader>00000cas a22000007a 4500</leader><controlfield tag="001">21962137</controlfield><controlfield tag="008">900705c19909999inucr ne      0   a0eng d</controlfield><datafield ind1=" " ind2=" " tag="010"><subfield code="a">sn 90099341 </subfield></datafield><datafield ind1=" " ind2=" " tag="040"><subfield code="a">NPI</subfield><subfield code="b">eng</subfield><subfield code="c">NPI</subfield><subfield code="d">NSD</subfield><subfield code="d">DLC</subfield><subfield code="d">OCLCQ</subfield><subfield code="d">IUL</subfield><subfield code="d">OCLCF</subfield></datafield><datafield ind1=" " ind2=" " tag="012"><subfield code="m">1</subfield></datafield><datafield ind1="1" ind2=" " tag="022"><subfield code="a">1055-775X</subfield><subfield code="l">1055-775X</subfield><subfield code="2">1</subfield></datafield><datafield ind1=" " ind2=" " tag="032"><subfield code="a">067920</subfield><subfield code="b">USPS</subfield></datafield><datafield ind1=" " ind2=" " tag="037"><subfield code="b">Jackson County Banner, Inc., 116 East Cross St., Brownstown, IN 47220-0307</subfield></datafield><datafield ind1=" " ind2=" " tag="042"><subfield code="a">msc</subfield><subfield code="a">nsdp</subfield></datafield><datafield ind1=" " ind2=" " tag="043"><subfield code="a">n-us-in</subfield></datafield><datafield ind1="0" ind2=" " tag="130"><subfield code="a">Jackson County banner (Brownstown, Ind.)</subfield></datafield><datafield ind1=" " ind2="0" tag="222"><subfield code="a">Jackson County banner</subfield><subfield code="b">(Brownstown, Ind.)</subfield></datafield><datafield ind1="0" ind2="4" tag="245"><subfield code="a">The Jackson County banner.</subfield></datafield><datafield ind1="1" ind2="7" tag="246"><subfield code="a">Banner</subfield><subfield code="f">Jan. 2, 1990-Feb. 6, 1990</subfield></datafield><datafield ind1=" " ind2=" " tag="260"><subfield code="a">Brownstown, Ind. :</subfield><subfield code="b">Jackson County Banner, Inc.,</subfield><subfield code="c">1990-</subfield></datafield><datafield ind1=" " ind2=" " tag="300"><subfield code="a">v. :</subfield><subfield code="b">ill. ;</subfield><subfield code="c">58 cm.</subfield></datafield><datafield ind1=" " ind2=" " tag="310"><subfield code="a">Semiweekly</subfield></datafield><datafield ind1="0" ind2=" " tag="362"><subfield code="a">Vol. 121, no. 79 (Jan. 2, 1990)-</subfield></datafield><datafield ind1=" " ind2="0" tag="651"><subfield code="a">Brownstown (Ind.)</subfield><subfield code="v">Newspapers.</subfield></datafield><datafield ind1=" " ind2="0" tag="651"><subfield code="a">Jackson County (Ind.)</subfield><subfield code="v">Newspapers.</subfield></datafield><datafield ind1=" " ind2="7" tag="655"><subfield code="a">Newspapers.</subfield><subfield code="2">fast</subfield><subfield code="0">(OCoLC)fst01423814</subfield></datafield><datafield ind1=" " ind2="7" tag="651"><subfield code="a">Indiana</subfield><subfield code="z">Brownstown.</subfield><subfield code="2">fast</subfield><subfield code="0">(OCoLC)fst01209765</subfield></datafield><datafield ind1=" " ind2="7" tag="651"><subfield code="a">Indiana</subfield><subfield code="z">Jackson County.</subfield><subfield code="2">fast</subfield><subfield code="0">(OCoLC)fst01216713</subfield></datafield><datafield ind1=" " ind2=" " tag="752"><subfield code="a">United States</subfield><subfield code="b">Indiana</subfield><subfield code="c">Jackson</subfield><subfield code="d">Brownstown.</subfield></datafield><datafield ind1="0" ind2="0" tag="780"><subfield code="t">Banner (Brownstown, Ind.)</subfield><subfield code="w">(DLC)sn 85047994</subfield><subfield code="w">(OCoLC)12255409</subfield></datafield><datafield ind1=" " ind2=" " tag="936"><subfield code="a">Vol. 122, no. 97 (Mar. 5, 1991) LIC</subfield></datafield></record>